@misc{yuka,
  author = {Yuka},
  title = {Yuka - Food \& Cosmetic product scanner},
  year = {2024},
  url = {https://yuka.io/en/},
  note = {Accessed: 20-May-2024}
}

@misc{flutterDocs,
  author = {{Flutter}},
  title = {Documentation officielle de Flutter},
  howpublished = {\url{https://flutter.dev/docs}},
  note = {Accessed: 2024-05-20}
}

@misc{firebaseDocs,
  author = {{Firebase}},
  title = {Documentation officielle de Firebase},
  howpublished = {\url{https://firebase.google.com/docs}},
  note = {Accessed: 2024-05-20}
}

@misc{flutterFireDocs,
  author = {{FlutterFire}},
  title = {Documentation de FlutterFire pour l'int√©gration de Firebase},
  howpublished = {\url{https://firebase.flutter.dev/docs/overview}},
  note = {Accessed: 2024-05-20}
}

@misc{cleanArchitecture,
  author = {{Flutter Clean Architecture}},
  title = {Clean Architecture},
  howpublished = {\url{https://pub.dev/packages/flutter_clean_architecture}},
  note = {Accessed: 2024-05-20}
}

@misc{figma,
  author = {{Figma}},
  title = {Figma pour la conception de l'interface utilisateur},
  howpublished = {\url{https://www.figma.com/}},
  note = {Accessed: 2024-05-20}
}

@misc{blocPattern,
  author = {{Bloc Library}},
  title = {Design Pattern du Bloc},
  howpublished = {\url{https://bloclibrary.dev}},
  note = {Accessed: 2024-05-20}
}

@misc{migros,
  author = {{Migros}},
  title = {Site de la Migros},
  howpublished = {\url{https://migipedia.migros.ch}},
  note = {Accessed: 2024-05-20}
}

@misc{coop,
  author = {{Coop}},
  title = {Site de la Coop},
  howpublished = {\url{https://www.coop.ch}},
  note = {Accessed: 2024-05-20}
}

@misc{denner,
  author = {{Denner}},
  title = {Site de Denner},
  howpublished = {\url{https://www.denner.ch}},
  note = {Accessed: 2024-05-20}
}

@misc{googleCloudArchitecture,
  author = {{Google Cloud Community}},
  title = {Creating beautiful mobile applications using Flutter and Firebase},
  howpublished = {\url{https://www.googlecloudcommunity.com/gc/Community-Blogs/Creating-beautiful-mobile-applications-using-Flutter-and/ba-p/495476}},
  note = {Accessed: 2024-05-20}
}
